@book{books/gigerenzer/intelligenza,
  author    = {Gerd Gigerenzer},
  title     = {Perch√© l'intelligenza umana batte ancora gli algoritmi},
  series    = {Scienza e Idee},
  publisher = {Raffaello Cortina Editore},
  year      = {2023},
  url       = {https://www.raffaellocortina.it/scheda-libro/gerd-gigerenzer/perche-lintelligenza-umana-batte-ancora-gli-algoritmi-9788832855029-3889.html},
  isbn      = {978-0-07-042807-2},
}

@book{books/taleb/cigno,
  title={Il cigno nero. Come l'improbabile governa la nostra vita},
  author={Taleb, N.N.},
  isbn={9788856501193},
  series={Saggi. Tascabili},
  url={https://books.google.it/books?id=0MR0VE2bl64C},
  year={2009},
  publisher={Il Saggiatore}
}

@misc{pushkarna2022data,
      title={Data Cards: Purposeful and Transparent Dataset Documentation for Responsible AI}, 
      author={Mahima Pushkarna and Andrew Zaldivar and Oddur Kjartansson},
      year={2022},
      eprint={2204.01075},
      archivePrefix={arXiv},
      primaryClass={cs.HC}
}

@book{DBLP:books/daglib/0087929,
  author    = {Tom M. Mitchell},
  title     = {Machine learning},
  series    = {McGraw Hill series in computer science},
  publisher = {McGraw-Hill},
  year      = {1997},
  url       = {http://www.worldcat.org/oclc/61321007},
  isbn      = {978-0-07-042807-2},
  timestamp = {Wed, 26 Apr 2017 17:48:08 +0200},
  biburl    = {https://dblp.org/rec/bib/books/daglib/0087929},
  bibsource = {dblp computer science bibliography, https://dblp.org}
}

@article{compas,
    author = {Julia, Angwin and Jeff, Larson and Surya, Mattu and Lauren, Kirchner},
    title = {Machine Bias},
    url = {https://www.propublica.org/article/machine-bias-risk-assessments-in-criminal-sentencing},
    year = {2016}
}







